<record><leader>00000cas a22000007a 4500</leader><controlfield tag="001">12056574</controlfield><controlfield tag="008">850520d18431844ohudn ne      0    0eng  </controlfield><controlfield tag="009">466</controlfield><datafield ind1=" " ind2=" " tag="010"><subfield code="a">sn 85042276 </subfield></datafield><datafield ind1=" " ind2=" " tag="040"><subfield code="a">DLC</subfield><subfield code="b">eng</subfield><subfield code="c">DLC</subfield><subfield code="d">YOX</subfield><subfield code="d">ONP</subfield><subfield code="d">KRTAS</subfield></datafield><datafield ind1="1" ind2=" " tag="029"><subfield code="a">AU@</subfield><subfield code="b">000025818871</subfield></datafield><datafield ind1=" " ind2=" " tag="042"><subfield code="a">msc</subfield></datafield><datafield ind1="0" ind2="0" tag="050"><subfield code="a">Newspaper 9229</subfield></datafield><datafield ind1="0" ind2=" " tag="130"><subfield code="a">Daily Cincinnati Atlas (Cincinnati, Ohio : 1843)</subfield></datafield><datafield ind1="0" ind2="0" tag="245"><subfield code="a">Daily Cincinnati Atlas.</subfield></datafield><datafield ind1=" " ind2=" " tag="260"><subfield code="a">Cincinnati, [Ohio] :</subfield><subfield code="b">N. Guilford &amp; J.B. Russell,</subfield><subfield code="c">1843-1844.</subfield></datafield><datafield ind1=" " ind2=" " tag="300"><subfield code="a">v. ;</subfield><subfield code="c">52 cm.</subfield></datafield><datafield ind1=" " ind2=" " tag="310"><subfield code="a">Daily (except Sun.)</subfield></datafield><datafield ind1="0" ind2=" " tag="362"><subfield code="a">Vol. 1, whole no. 3 (Nov. 4, 1843)-v. 1, whole no. 157 (May 4, 1844).</subfield></datafield><datafield ind1=" " ind2=" " tag="530"><subfield code="a">Also available on microfilm from the New York Public Library.</subfield></datafield><datafield ind1=" " ind2=" " tag="752"><subfield code="a">United States</subfield><subfield code="b">Ohio</subfield><subfield code="c">Hamilton</subfield><subfield code="d">Cincinnati.</subfield></datafield><datafield ind1="0" ind2=" " tag="775"><subfield code="t">Weekly Atlas (Cincinnati, Ohio)</subfield><subfield code="w">(DLC)sn 85025776</subfield></datafield><datafield ind1="0" ind2="0" tag="780"><subfield code="t">Cincinnati daily Atlas (Cincinnati, Ohio : 1843)</subfield><subfield code="w">(DLC)sn 85042275</subfield></datafield><datafield ind1="0" ind2="0" tag="785"><subfield code="t">Daily morning Atlas (Cincinnati, Ohio : 1844)</subfield><subfield code="w">(DLC)sn 85025777</subfield></datafield><datafield ind1=" " ind2=" " tag="938"><subfield code="a">Kirtas Technologies, Inc.</subfield><subfield code="b">KRTS</subfield><subfield code="n">739198</subfield></datafield></record>